@inproceedings{PreinerNiemetzBiere-DIFTS13,
  author    = {Mathias Preiner and
               Aina Niemetz and
               Armin Biere},
  editor    = {Malay K. Ganai and
               Alper Sen},
  title     = {Lemmas on Demand for Lambdas},
  booktitle = {Proceedings of the Second International Workshop on Design and Implementation
               of Formal Tools and Systems, Portland, OR, USA, October 19, 2013.},
  series    = {{CEUR} Workshop Proceedings},
  volume    = {1130},
  publisher = {CEUR-WS.org},
  year      = {2013},
  url       = {http://ceur-ws.org/Vol-1130/paper_7.pdf},
  timestamp = {Mon, 30 May 2016 16:28:37 +0200},
  biburl    = {https://dblp.org/rec/bib/conf/fmcad/PreinerNB13},
  bibsource = {dblp computer science bibliography, https://dblp.org}
}
@inproceedings{NiemetzPreinerBiere-FMCAD14,
  author    = {Aina Niemetz and
               Mathias Preiner and
               Armin Biere},
  title     = {Turbo-charging Lemmas on demand with don't care reasoning},
  booktitle = {Formal Methods in Computer-Aided Design, {FMCAD} 2014, Lausanne,
               Switzerland, October 21-24, 2014},
  pages     = {179--186},
  publisher = {{IEEE}},
  year      = {2014},
  url       = {https://doi.org/10.1109/FMCAD.2014.6987611},
  doi       = {10.1109/FMCAD.2014.6987611},
  timestamp = {Wed, 17 May 2017 10:54:03 +0200},
  biburl    = {https://dblp.org/rec/bib/conf/fmcad/NiemetzPB14},
  bibsource = {dblp computer science bibliography, https://dblp.org}
}
@book{Warren-HackersDelight,
  author    = {Henry S. Warren Jr.},
  title     = {Hacker's Delight, Second Edition},
  publisher = {Pearson Education},
  year      = {2013},
  url       = {http://www.hackersdelight.org/},
  isbn      = {0-321-84268-5},
  timestamp = {Tue, 16 May 2017 21:23:56 +0200},
  biburl    = {https://dblp.org/rec/bib/books/aw/Warren2013},
  bibsource = {dblp computer science bibliography, https://dblp.org}
}
@article{26-129-1-PB,
  author    = {Armin Biere and
               Carsten Sinz},
  title     = {Decomposing {SAT} Problems into Connected Components},
  journal   = {{JSAT}},
  volume    = {2},
  number    = {1-4},
  pages     = {201--208},
  year      = {2006},
  url       = {https://satassociation.org/jsat/index.php/jsat/article/view/26},
  timestamp = {Tue, 17 Apr 2018 11:13:04 +0200},
  biburl    = {https://dblp.org/rec/bib/journals/jsat/BiereS06},
  bibsource = {dblp computer science bibliography, https://dblp.org}
}
@inproceedings{Bryant2007_Chapter_DecidingBit-VectorArithmeticWi.pdf,
  author    = {Randal E. Bryant and
               Daniel Kroening and
               Jo{\"{e}}l Ouaknine and
               Sanjit A. Seshia and
               Ofer Strichman and
               Bryan A. Brady},
  title     = {Deciding Bit-Vector Arithmetic with Abstraction},
  booktitle = {Tools and Algorithms for the Construction and Analysis of Systems,
               13th International Conference, {TACAS} 2007, Held as Part of the Joint
               European Conferences on Theory and Practice of Software, {ETAPS} 2007
               Braga, Portugal, March 24 - April 1, 2007, Proceedings},
  pages     = {358--372},
  year      = {2007},
  crossref  = {DBLP:conf/tacas/2007},
  url       = {https://doi.org/10.1007/978-3-540-71209-1\_28},
  doi       = {10.1007/978-3-540-71209-1\_28},
  timestamp = {Tue, 14 May 2019 10:00:53 +0200},
  biburl    = {https://dblp.org/rec/bib/conf/tacas/BryantKOSSB07},
  bibsource = {dblp computer science bibliography, https://dblp.org}
}
@inproceedings{Spracklen2018_Chapter_AutomaticGenerationAndSelection,
  author    = {Patrick Spracklen and
               {\"{O}}zg{\"{u}}r Akg{\"{u}}n and
               Ian Miguel},
  title     = {Automatic Generation and Selection of Streamlined Constraint Models
               via Monte Carlo Search on a Model Lattice},
  booktitle = {Principles and Practice of Constraint Programming - 24th International
               Conference, {CP} 2018, Lille, France, August 27-31, 2018, Proceedings},
  pages     = {362--372},
  year      = {2018},
  crossref  = {DBLP:conf/cp/2018},
  url       = {https://doi.org/10.1007/978-3-319-98334-9\_24},
  doi       = {10.1007/978-3-319-98334-9\_24},
  timestamp = {Tue, 14 May 2019 10:00:45 +0200},
  biburl    = {https://dblp.org/rec/bib/conf/cp/SpracklenAM18},
  bibsource = {dblp computer science bibliography, https://dblp.org}
}
@inproceedings{Streamlined_Constraint_Reasoning,
  author    = {Carla P. Gomes and
               Meinolf Sellmann},
  title     = {Streamlined Constraint Reasoning},
  booktitle = {Principles and Practice of Constraint Programming - {CP} 2004, 10th
               International Conference, {CP} 2004, Toronto, Canada, September 27
               - October 1, 2004, Proceedings},
  pages     = {274--289},
  year      = {2004},
  crossref  = {DBLP:conf/cp/2004},
  url       = {https://doi.org/10.1007/978-3-540-30201-8\_22},
  doi       = {10.1007/978-3-540-30201-8\_22},
  timestamp = {Tue, 14 May 2019 10:00:45 +0200},
  biburl    = {https://dblp.org/rec/bib/conf/cp/GomesS04},
  bibsource = {dblp computer science bibliography, https://dblp.org}
}
@MISC{BarFT-SMTLIB,
  author =	 {Clark Barrett and Pascal Fontaine and Cesare Tinelli},
  title =	 {{The Satisfiability Modulo Theories Library (SMT-LIB)}},
  howpublished = {{\tt www.SMT-LIB.org}},
  year =	 2016,
}
@article{NiemetzPreinerBiere-JSAT15,
  author    = {Aina Niemetz and
               Mathias Preiner and
               Armin Biere},
  title     = {Boolector 2.0},
  journal   = {{JSAT}},
  volume    = {9},
  pages     = {53--58},
  year      = {2014},
  url       = {https://satassociation.org/jsat/index.php/jsat/article/view/120},
  timestamp = {Tue, 17 Apr 2018 11:43:31 +0200},
  biburl    = {https://dblp.org/rec/bib/journals/jsat/NiemetzPB14},
  bibsource = {dblp computer science bibliography, https://dblp.org}
}
@inproceedings{Brummayer-Biere2009_Chapter_BoolectorAnEfficientSMTSolverF,
  author    = {Robert Brummayer and
               Armin Biere},
  title     = {Boolector: An Efficient {SMT} Solver for Bit-Vectors and Arrays},
  booktitle = {Tools and Algorithms for the Construction and Analysis of Systems,
               15th International Conference, {TACAS} 2009, Held as Part of the Joint
               European Conferences on Theory and Practice of Software, {ETAPS} 2009,
               York, UK, March 22-29, 2009. Proceedings},
  pages     = {174--177},
  year      = {2009},
  crossref  = {DBLP:conf/tacas/2009},
  url       = {https://doi.org/10.1007/978-3-642-00768-2\_16},
  doi       = {10.1007/978-3-642-00768-2\_16},
  timestamp = {Tue, 14 May 2019 10:00:53 +0200},
  biburl    = {https://dblp.org/rec/bib/conf/tacas/BrummayerB09},
  bibsource = {dblp computer science bibliography, https://dblp.org}
}
@article{p6-brummayer,
  author    = {Robert Brummayer and
               Armin Biere},
  title     = {Lemmas on Demand for the Extensional Theory of Arrays},
  journal   = {{JSAT}},
  volume    = {6},
  number    = {1-3},
  pages     = {165--201},
  year      = {2009},
  url       = {https://satassociation.org/jsat/index.php/jsat/article/view/74},
  timestamp = {Tue, 17 Apr 2018 11:13:04 +0200},
  biburl    = {https://dblp.org/rec/bib/journals/jsat/BrummayerB09},
  bibsource = {dblp computer science bibliography, https://dblp.org}
}
@proceedings{sc2017-proceedings,
  editor    = {Tomáš Balyo and
		Marijn J. H. Heule and
		Matti Järvisalo},
  title     = {Proceedings of SAT Competition 2017: Solver and Benchmark Descriptions},
  series    = {Publication series B, Report B-2017-1},
  publisher = {University of Helsinki, Department of Computer Science},
  year      = {2017}
}
@phdthesis{vg2007-PhD-STANFORD,
author = {Ganesh, Vijay},
year = {2007},
month = {09},
pages = {},
title = {Decision Procedures for Bit-vectors, Arrays, and Integers},
doi = {10.13140/RG.2.1.3591.8245}
}
